<collection xmlns="http://www.loc.gov/MARC21/slim">
<record>
  <leader>00789nam0a22001811i 450 </leader>
  <controlfield tag="001">IT\ICCU\CNCE\078746</controlfield>
  <controlfield tag="005">20140903000000.0</controlfield>
  <datafield tag="012" ind1=" " ind2=" ">
    <subfield code="a">j.Io sae. i.e- gnlo (3) 1547 (R)</subfield>
    <subfield code="2">fei</subfield>
  </datafield>
  <datafield tag="100" ind1=" " ind2=" ">
    <subfield code="a">20140903d1547        0itac0103    ba</subfield>
  </datafield>
  <datafield tag="101" ind1=" " ind2=" ">
    <subfield code="a">ITA</subfield>
  </datafield>
  <datafield tag="102" ind1=" " ind2=" ">
    <subfield code="a">IT</subfield>
  </datafield>
  <datafield tag="200" ind1="1" ind2=" ">
    <subfield code="a">Sermoni funebri nuoui, et breui et di buon senso, come i lettori istessi potran vedere. Et appresso gli conosceranno diuersi assai da tutti quegli d&apos;altri, che tanto tempo fa sono scorsi nelle mani de molti, composti per Camil Traiano gentihuomo di Lodi</subfield>
  </datafield>
  <datafield tag="210" ind1=" " ind2=" ">
    <subfield code="d">Stampata del XLVII \i.e. 1547!</subfield>
  </datafield>
  <datafield tag="215" ind1=" " ind2=" ">
    <subfield code="a">19, \1! c.</subfield>
    <subfield code="d">8ʻ</subfield>
  </datafield>
  <datafield tag="700" ind1=" " ind2="1">
    <subfield code="a">Traiano,</subfield>
    <subfield code="b">Camillo</subfield>
    <subfield code="3">IT\ICCU\CNCA\029911</subfield>
  </datafield>
  <datafield tag="712" ind1="0" ind2="2">
    <subfield code="a">s.n.</subfield>
    <subfield code="3">IT\ICCU\CNCT\000002</subfield>
    <subfield code="4">650</subfield>
  </datafield>
  <datafield tag="801" ind1=" " ind2="3">
    <subfield code="a">IT</subfield>
    <subfield code="b">ICCU</subfield>
    <subfield code="c">20201115</subfield>
  </datafield>
  <datafield tag="899" ind1=" " ind2=" ">
    <subfield code="a">Biblioteca nazionale Marciana. Venezia</subfield>
    <subfield code="1">VE0049</subfield>
    <subfield code="2">VEA BM</subfield>
  </datafield>
</record>
</collection>
